<?xml version="1.0" encoding="UTF-8"?><collection xmlns="http://www.loc.gov/MARC21/slim"><record><leader>00463nam--2200181-i-4500</leader><controlfield tag="001">000020969</controlfield><controlfield tag="002">20161230</controlfield><controlfield tag="005">20161230201033</controlfield><controlfield tag="008">060222s1000------------r-----000-0-eng-d</controlfield><datafield ind1=" " ind2=" " tag="020"><subfield code="a">3-540-55</subfield></datafield><datafield ind1=" " ind2=" " tag="040"><subfield code="a">IFIN-HH</subfield></datafield><datafield ind1=" " ind2=" " tag="080"><subfield code="a">517.9</subfield></datafield><datafield ind1=" " ind2=" " tag="100"><subfield code="a">Roepstorff, Gert</subfield></datafield><datafield ind1=" " ind2=" " tag="245"><subfield code="a">Path integral approach to quantum physics</subfield></datafield><datafield ind1=" " ind2=" " tag="260"><subfield code="a">BERLIN, SPRINGER-VERLAG, 1994. 387 p</subfield></datafield><datafield ind1=" " ind2=" " tag="490"><subfield code="a">Springer-verlag</subfield></datafield><datafield ind1=" " ind2=" " tag="852"><subfield code="a">80264</subfield><subfield code="c">517.9</subfield></datafield><datafield ind1=" " ind2=" " tag="CAT"><subfield code="a">Sys</subfield><subfield code="c">20090603</subfield><subfield code="h">110310</subfield></datafield></record></collection>